@ARTICLE{kunder2017,
   author = {{Kunder}, A. and {Kordopatis}, G. and {Steinmetz}, M. and {Zwitter}, T. and 
	{McMillan}, P.~J. and {Casagrande}, L. and {Enke}, H. and {Wojno}, J. and 
	{Valentini}, M. and {Chiappini}, C. and {Matijevi{\v c}}, G. and 
	{Siviero}, A. and {de Laverny}, P. and {Recio-Blanco}, A. and 
	{Bijaoui}, A. and {Wyse}, R.~F.~G. and {Binney}, J. and {Grebel}, E.~K. and 
	{Helmi}, A. and {Jofre}, P. and {Antoja}, T. and {Gilmore}, G. and 
	{Siebert}, A. and {Famaey}, B. and {Bienaym{\'e}}, O. and {Gibson}, B.~K. and 
	{Freeman}, K.~C. and {Navarro}, J.~F. and {Munari}, U. and {Seabroke}, G. and 
	{Anguiano}, B. and {{\v Z}erjal}, M. and {Minchev}, I. and {Reid}, W. and 
	{Bland-Hawthorn}, J. and {Kos}, J. and {Sharma}, S. and {Watson}, F. and 
	{Parker}, Q.~A. and {Scholz}, R.-D. and {Burton}, D. and {Cass}, P. and 
	{Hartley}, M. and {Fiegert}, K. and {Stupar}, M. and {Ritter}, A. and 
	{Hawkins}, K. and {Gerhard}, O. and {Chaplin}, W.~J. and {Davies}, G.~R. and 
	{Elsworth}, Y.~P. and {Lund}, M.~N. and {Miglio}, A. and {Mosser}, B.
	},
    title = "{The Radial Velocity Experiment (RAVE): Fifth Data Release}",
  journal = {\aj},
archivePrefix = "arXiv",
   eprint = {1609.03210},
 primaryClass = "astro-ph.SR",
 keywords = {catalogs, Galaxy: abundances, Galaxy: kinematics and dynamics, Galaxy: stellar content, stars: abundances, surveys},
     year = 2017,
    month = feb,
   volume = 153,
      eid = {75},
    pages = {75},
      doi = {10.3847/1538-3881/153/2/75},
   adsurl = {http://adsabs.harvard.edu/abs/2017AJ....153...75K},
  adsnote = {Provided by the SAO/NASA Astrophysics Data System}
}

@ARTICLE{perryman2001,
   author = {{Perryman}, M.~A.~C. and {de Boer}, K.~S. and {Gilmore}, G. and 
	{H{\o}g}, E. and {Lattanzi}, M.~G. and {Lindegren}, L. and {Luri}, X. and 
	{Mignard}, F. and {Pace}, O. and {de Zeeuw}, P.~T.},
    title = "{GAIA: Composition, formation and evolution of the Galaxy}",
  journal = {\aap},
   eprint = {astro-ph/0101235},
 keywords = {INSTRUMENTATION: MISCELLANEOUS, SPACE VEHICLES: INSTRUMENTS, ASTROMETRY, GALAXY: GENERAL, TECHNIQUES: PHOTOMETRIC, TECHNIQUES: RADIAL VELOCITIES},
     year = 2001,
    month = apr,
   volume = 369,
    pages = {339-363},
      doi = {10.1051/0004-6361:20010085},
   adsurl = {http://adsabs.harvard.edu/abs/2001A%26A...369..339P},
  adsnote = {Provided by the SAO/NASA Astrophysics Data System}
}

@ARTICLE{casey2016,
   author = {{Casey}, A.~R. and {Hawkins}, K. and {Hogg}, D.~W. and {Ness}, M. and 
	{Walter-Rix}, H. and {Kordopatis}, G. and {Kunder}, A. and {Steinmetz}, M. and 
	{Koposov}, S. and {Enke}, H. and {Sanders}, J. and {Gilmore}, G. and 
	{Zwitter}, T. and {Freeman}, K.~C. and {Casagrande}, L. and 
	{Matijevi{\v c}}, G. and {Seabroke}, G. and {Bienaym{\'e}}, O. and 
	{Bland-Hawthorn}, J. and {Gibson}, B.~K. and {Grebel}, E.~K. and 
	{Helmi}, A. and {Munari}, U. and {Navarro}, J.~F. and {Reid}, W. and 
	{Siebert}, A. and {Wyse}, R.},
    title = "{The RAVE-on catalog of stellar atmospheric parameters and chemical abundances for chemo-dynamic studies in the Gaia era}",
  journal = {ArXiv e-prints},
archivePrefix = "arXiv",
   eprint = {1609.02914},
 primaryClass = "astro-ph.SR",
 keywords = {Astrophysics - Solar and Stellar Astrophysics, Astrophysics - Astrophysics of Galaxies},
     year = 2016,
    month = sep,
   adsurl = {http://adsabs.harvard.edu/abs/2016arXiv160902914C},
  adsnote = {Provided by the SAO/NASA Astrophysics Data System}
}

@ARTICLE{ness2015,
   author = {{Ness}, M. and {Hogg}, D.~W. and {Rix}, H.-W. and {Ho}, A.~Y.~Q. and 
	{Zasowski}, G.},
    title = "{The Cannon: A data-driven approach to Stellar Label Determination}",
  journal = {\apj},
archivePrefix = "arXiv",
   eprint = {1501.07604},
 primaryClass = "astro-ph.SR",
 keywords = {methods: data analysis, methods: statistical, stars: abundances, stars: fundamental parameters, surveys, techniques: spectroscopic},
     year = 2015,
    month = jul,
   volume = 808,
      eid = {16},
    pages = {16},
      doi = {10.1088/0004-637X/808/1/16},
   adsurl = {http://adsabs.harvard.edu/abs/2015ApJ...808...16N},
  adsnote = {Provided by the SAO/NASA Astrophysics Data System}
}

@ARTICLE{venn2004,
   author = {{Venn}, K.~A. and {Irwin}, M. and {Shetrone}, M.~D. and {Tout}, C.~A. and 
	{Hill}, V. and {Tolstoy}, E.},
    title = "{Stellar Chemical Signatures and Hierarchical Galaxy Formation}",
  journal = {\aj},
   eprint = {astro-ph/0406120},
 keywords = {Galaxies: Abundances, Galaxies: Dwarf, Galaxies: Formation, Galaxy: Abundances, Galaxy: Disk, Galaxy: Halo, Galaxy: Stellar Content, Galaxies: Local Group, Stars: Abundances, Stars: Kinematics},
     year = 2004,
    month = sep,
   volume = 128,
    pages = {1177-1195},
      doi = {10.1086/422734},
   adsurl = {http://adsabs.harvard.edu/abs/2004AJ....128.1177V},
  adsnote = {Provided by the SAO/NASA Astrophysics Data System}
}

@ARTICLE{ns2010,
   author = {{Nissen}, P.~E. and {Schuster}, W.~J.},
    title = "{Two distinct halo populations in the solar neighborhood. Evidence from stellar abundance ratios and kinematics}",
  journal = {\aap},
archivePrefix = "arXiv",
   eprint = {1002.4514},
 keywords = {stars: abundances, stars: kinematics and dynamics, Galaxy: halo, Galaxy: formation},
     year = 2010,
    month = feb,
   volume = 511,
      eid = {L10},
    pages = {L10},
      doi = {10.1051/0004-6361/200913877},
   adsurl = {http://adsabs.harvard.edu/abs/2010A%26A...511L..10N},
  adsnote = {Provided by the SAO/NASA Astrophysics Data System}
}

@ARTICLE{sb2009,
   author = {{Sch{\"o}nrich}, R. and {Binney}, J.},
    title = "{Origin and structure of the Galactic disc(s)}",
  journal = {\mnras},
archivePrefix = "arXiv",
   eprint = {0907.1899},
 keywords = {Galaxy: disc , solar neighbourhood , galaxies: abundances , galaxies: evolution , galaxies: ISM , galaxies: kinematics and dynamics},
     year = 2009,
    month = nov,
   volume = 399,
    pages = {1145-1156},
      doi = {10.1111/j.1365-2966.2009.15365.x},
   adsurl = {http://adsabs.harvard.edu/abs/2009MNRAS.399.1145S},
  adsnote = {Provided by the SAO/NASA Astrophysics Data System}
}

@ARTICLE{juric2008,
   author = {{Juri{\'c}}, M. and {Ivezi{\'c}}, {\v Z}. and {Brooks}, A. and 
	{Lupton}, R.~H. and {Schlegel}, D. and {Finkbeiner}, D. and 
	{Padmanabhan}, N. and {Bond}, N. and {Sesar}, B. and {Rockosi}, C.~M. and 
	{Knapp}, G.~R. and {Gunn}, J.~E. and {Sumi}, T. and {Schneider}, D.~P. and 
	{Barentine}, J.~C. and {Brewington}, H.~J. and {Brinkmann}, J. and 
	{Fukugita}, M. and {Harvanek}, M. and {Kleinman}, S.~J. and 
	{Krzesinski}, J. and {Long}, D. and {Neilsen}, Jr., E.~H. and 
	{Nitta}, A. and {Snedden}, S.~A. and {York}, D.~G.},
    title = "{The Milky Way Tomography with SDSS. I. Stellar Number Density Distribution}",
  journal = {\apj},
   eprint = {astro-ph/0510520},
 keywords = {Galaxy: disk, Galaxy: fundamental parameters, Galaxy: halo, Galaxy: structure},
     year = 2008,
    month = feb,
   volume = 673,
      eid = {864-914},
    pages = {864-914},
      doi = {10.1086/523619},
   adsurl = {http://adsabs.harvard.edu/abs/2008ApJ...673..864J},
  adsnote = {Provided by the SAO/NASA Astrophysics Data System}
}

@ARTICLE{ivezic2008,
   author = {{Ivezi{\'c}}, {\v Z}. and {Sesar}, B. and {Juri{\'c}}, M. and 
	{Bond}, N. and {Dalcanton}, J. and {Rockosi}, C.~M. and {Yanny}, B. and 
	{Newberg}, H.~J. and {Beers}, T.~C. and {Allende Prieto}, C. and 
	{Wilhelm}, R. and {Lee}, Y.~S. and {Sivarani}, T. and {Norris}, J.~E. and 
	{Bailer-Jones}, C.~A.~L. and {Re Fiorentin}, P. and {Schlegel}, D. and 
	{Uomoto}, A. and {Lupton}, R.~H. and {Knapp}, G.~R. and {Gunn}, J.~E. and 
	{Covey}, K.~R. and {Allyn Smith}, J. and {Miknaitis}, G. and 
	{Doi}, M. and {Tanaka}, M. and {Fukugita}, M. and {Kent}, S. and 
	{Finkbeiner}, D. and {Munn}, J.~A. and {Pier}, J.~R. and {Quinn}, T. and 
	{Hawley}, S. and {Anderson}, S. and {Kiuchi}, F. and {Chen}, A. and 
	{Bushong}, J. and {Sohi}, H. and {Haggard}, D. and {Kimball}, A. and 
	{Barentine}, J. and {Brewington}, H. and {Harvanek}, M. and 
	{Kleinman}, S. and {Krzesinski}, J. and {Long}, D. and {Nitta}, A. and 
	{Snedden}, S. and {Lee}, B. and {Harris}, H. and {Brinkmann}, J. and 
	{Schneider}, D.~P. and {York}, D.~G.},
    title = "{The Milky Way Tomography with SDSS. II. Stellar Metallicity}",
  journal = {\apj},
archivePrefix = "arXiv",
   eprint = {0804.3850},
 keywords = {Galaxy: halo, Galaxy: kinematics and dynamics, Galaxy: stellar content, Galaxy: structure, methods: data analysis, stars: statistics},
     year = 2008,
    month = sep,
   volume = 684,
      eid = {287-325},
    pages = {287-325},
      doi = {10.1086/589678},
   adsurl = {http://adsabs.harvard.edu/abs/2008ApJ...684..287I},
  adsnote = {Provided by the SAO/NASA Astrophysics Data System}
}

@ARTICLE{allende-prieto2006,
   author = {{Allende Prieto}, C. and {Beers}, T.~C. and {Wilhelm}, R. and 
	{Newberg}, H.~J. and {Rockosi}, C.~M. and {Yanny}, B. and {Lee}, Y.~S.
	},
    title = "{A Spectroscopic Study of the Ancient Milky Way: F- and G-Type Stars in the Third Data Release of the Sloan Digital Sky Survey}",
  journal = {\apj},
   eprint = {astro-ph/0509812},
 keywords = {Galaxy: Stellar Content, Galaxy: Structure, Stars: Abundances, Stars: Fundamental Parameters},
     year = 2006,
    month = jan,
   volume = 636,
    pages = {804-820},
      doi = {10.1086/498131},
   adsurl = {http://adsabs.harvard.edu/abs/2006ApJ...636..804A},
  adsnote = {Provided by the SAO/NASA Astrophysics Data System}
}

@ARTICLE{galrev1998,
   author = {{Gilmore}, G. and {Wyse}, R.~F.~G. and {Kuijken}, K.},
    title = "{Kinematics, chemistry, and structure of the Galaxy}",
  journal = {\araa},
 keywords = {Galactic Structure, Interstellar Chemistry, Kinematics, Chemical Evolution, Color-Magnitude Diagram, Disk Galaxies, Late Stars, Metallicity, Milky Way Galaxy},
     year = 1989,
   volume = 27,
    pages = {555-627},
      doi = {10.1146/annurev.aa.27.090189.003011},
   adsurl = {http://adsabs.harvard.edu/abs/1989ARA%26A..27..555G},
  adsnote = {Provided by the SAO/NASA Astrophysics Data System}
}

@ARTICLE{lee2015,
   author = {{Lee}, D.~M. and {Johnston}, K.~V. and {Sen}, B. and {Jessop}, W.
	},
    title = "{Reconstructing the Accretion History of the Galactic Stellar Halo from Chemical Abundance Ratio Distributions}",
  journal = {\apj},
archivePrefix = "arXiv",
   eprint = {1410.6166},
 keywords = {Galaxy: abundances, Galaxy: halo, Galaxy: stellar content, galaxies: dwarf, methods: statistical, stars: abundances},
     year = 2015,
    month = mar,
   volume = 802,
      eid = {48},
    pages = {48},
      doi = {10.1088/0004-637X/802/1/48},
   adsurl = {http://adsabs.harvard.edu/abs/2015ApJ...802...48L},
  adsnote = {Provided by the SAO/NASA Astrophysics Data System}
}

@ARTICLE{nidever2014,
   author = {{Nidever}, D.~L. and {Bovy}, J. and {Bird}, J.~C. and {Andrews}, B.~H. and 
	{Hayden}, M. and {Holtzman}, J. and {Majewski}, S.~R. and {Smith}, V. and 
	{Robin}, A.~C. and {Garc{\'{\i}}a P{\'e}rez}, A.~E. and {Cunha}, K. and 
	{Allende Prieto}, C. and {Zasowski}, G. and {Schiavon}, R.~P. and 
	{Johnson}, J.~A. and {Weinberg}, D.~H. and {Feuillet}, D. and 
	{Schneider}, D.~P. and {Shetrone}, M. and {Sobeck}, J. and {Garc{\'{\i}}a-Hern{\'a}ndez}, D.~A. and 
	{Zamora}, O. and {Rix}, H.-W. and {Beers}, T.~C. and {Wilson}, J.~C. and 
	{O'Connell}, R.~W. and {Minchev}, I. and {Chiappini}, C. and 
	{Anders}, F. and {Bizyaev}, D. and {Brewington}, H. and {Ebelke}, G. and 
	{Frinchaboy}, P.~M. and {Ge}, J. and {Kinemuchi}, K. and {Malanushenko}, E. and 
	{Malanushenko}, V. and {Marchante}, M. and {M{\'e}sz{\'a}ros}, S. and 
	{Oravetz}, D. and {Pan}, K. and {Simmons}, A. and {Skrutskie}, M.~F.
	},
    title = "{Tracing Chemical Evolution over the Extent of the Milky Way's Disk with APOGEE Red Clump Stars}",
  journal = {\apj},
archivePrefix = "arXiv",
   eprint = {1409.3566},
 keywords = {Galaxy: abundances, Galaxy: disk, Galaxy: evolution, Galaxy: stellar content, Galaxy: structure, surveys},
     year = 2014,
    month = nov,
   volume = 796,
      eid = {38},
    pages = {38},
      doi = {10.1088/0004-637X/796/1/38},
   adsurl = {http://adsabs.harvard.edu/abs/2014ApJ...796...38N},
  adsnote = {Provided by the SAO/NASA Astrophysics Data System}
}

@ARTICLE{price-whelan2016,
   author = {{Price-Whelan}, A.~M. and {Johnston}, K.~V. and {Valluri}, M. and 
	{Pearson}, S. and {K{\"u}pper}, A.~H.~W. and {Hogg}, D.~W.},
    title = "{Chaotic dispersal of tidal debris}",
  journal = {\mnras},
archivePrefix = "arXiv",
   eprint = {1507.08662},
 keywords = {chaos, Galaxy: halo, galaxies: haloes, galaxies: kinematics and dynamics, galaxies: star clusters: general, dark matter},
     year = 2016,
    month = jan,
   volume = 455,
    pages = {1079-1098},
      doi = {10.1093/mnras/stv2383},
   adsurl = {http://adsabs.harvard.edu/abs/2016MNRAS.455.1079P},
  adsnote = {Provided by the SAO/NASA Astrophysics Data System}
}

@BOOK{bt2008,
   author = {{Binney}, J. and {Tremaine}, S.},
    title = "{Galactic Dynamics: Second Edition}",
booktitle = {Galactic Dynamics: Second Edition, by James Binney and Scott Tremaine.~ISBN 978-0-691-13026-2 (HB).~Published by Princeton University Press, Princeton, NJ USA, 2008.},
     year = 2008,
publisher = {Princeton University Press},
   adsurl = {http://adsabs.harvard.edu/abs/2008gady.book.....B},
  adsnote = {Provided by the SAO/NASA Astrophysics Data System}
}

@ARTICLE{smith2009,
   author = {{Smith}, M.~C. and {Evans}, N.~W. and {Belokurov}, V. and {Hewett}, P.~C. and 
	{Bramich}, D.~M. and {Gilmore}, G. and {Irwin}, M.~J. and {Vidrih}, S. and 
	{Zucker}, D.~B.},
    title = "{Kinematics of SDSS subdwarfs: structure and substructure of the Milky Way halo}",
  journal = {\mnras},
archivePrefix = "arXiv",
   eprint = {0904.1012},
 primaryClass = "astro-ph.GA",
 keywords = {stars: Population II , subdwarfs , Galaxy: halo , Galaxy: kinematics and dynamics , solar neighbourhood},
     year = 2009,
    month = nov,
   volume = 399,
    pages = {1223-1237},
      doi = {10.1111/j.1365-2966.2009.15391.x},
   adsurl = {http://adsabs.harvard.edu/abs/2009MNRAS.399.1223S},
  adsnote = {Provided by the SAO/NASA Astrophysics Data System}
}

@ARTICLE{helmi1999,
   author = {{Helmi}, A. and {White}, S.~D.~M. and {de Zeeuw}, P.~T. and 
	{Zhao}, H.},
    title = "{Debris streams in the solar neighbourhood as relicts from the formation of the Milky Way}",
  journal = {\nat},
   eprint = {astro-ph/9911041},
     year = 1999,
    month = nov,
   volume = 402,
    pages = {53-55},
      doi = {10.1038/46980},
   adsurl = {http://adsabs.harvard.edu/abs/1999Natur.402...53H},
  adsnote = {Provided by the SAO/NASA Astrophysics Data System}
}

@ARTICLE{bhg2016,
   author = {{Bland-Hawthorn}, J. and {Gerhard}, O.},
    title = "{The Galaxy in Context: Structural, Kinematic, and Integrated Properties}",
  journal = {\araa},
archivePrefix = "arXiv",
   eprint = {1602.07702},
     year = 2016,
    month = sep,
   volume = 54,
    pages = {529-596},
      doi = {10.1146/annurev-astro-081915-023441},
   adsurl = {http://adsabs.harvard.edu/abs/2016ARA%26A..54..529B},
  adsnote = {Provided by the SAO/NASA Astrophysics Data System}
}

@ARTICLE{bensby2003,
   author = {{Bensby}, T. and {Feltzing}, S. and {Lundstr{\"o}m}, I.},
    title = "{Elemental abundance trends in the Galactic thin and thick disks as traced by nearby F and G dwarf stars}",
  journal = {\aap},
 keywords = {stars: fundamental parameters, stars: abundances, Galaxy: disk, Galaxy: formation, Galaxy: abundances, Galaxy: kinematics and dynamics},
     year = 2003,
    month = nov,
   volume = 410,
    pages = {527-551},
      doi = {10.1051/0004-6361:20031213},
   adsurl = {http://adsabs.harvard.edu/abs/2003A%26A...410..527B},
  adsnote = {Provided by the SAO/NASA Astrophysics Data System}
}

@ARTICLE{bj2005,
   author = {{Bullock}, J.~S. and {Johnston}, K.~V.},
    title = "{Tracing Galaxy Formation with Stellar Halos. I. Methods}",
  journal = {\apj},
   eprint = {astro-ph/0506467},
 keywords = {Cosmology: Dark Matter, Galaxies: Dwarf, Galaxies: Evolution, Galaxies: Formation, Galaxies: Halos, Galaxies: Kinematics and Dynamics, Galaxy: Evolution, Galaxy: Formation, Galaxy: Halo, Galaxy: Kinematics and Dynamics, Galaxies: Local Group},
     year = 2005,
    month = dec,
   volume = 635,
    pages = {931-949},
      doi = {10.1086/497422},
   adsurl = {http://adsabs.harvard.edu/abs/2005ApJ...635..931B},
  adsnote = {Provided by the SAO/NASA Astrophysics Data System}
}

@ARTICLE{johnston2008,
   author = {{Johnston}, K.~V. and {Bullock}, J.~S. and {Sharma}, S. and 
	{Font}, A. and {Robertson}, B.~E. and {Leitner}, S.~N.},
    title = "{Tracing Galaxy Formation with Stellar Halos. II. Relating Substructure in Phase and Abundance Space to Accretion Histories}",
  journal = {\apj},
archivePrefix = "arXiv",
   eprint = {0807.3911},
 keywords = {dark matter, galaxies: dwarf, galaxies: evolution, galaxies: formation, galaxies: halos, galaxies: kinematics and dynamics, Galaxy: evolution, Galaxy: formation, Galaxy: halo, Galaxy: kinematics and dynamics, Local Group },
     year = 2008,
    month = dec,
   volume = 689,
      eid = {936-957},
    pages = {936-957},
      doi = {10.1086/592228},
   adsurl = {http://adsabs.harvard.edu/abs/2008ApJ...689..936J},
  adsnote = {Provided by the SAO/NASA Astrophysics Data System}
}

@ARTICLE{zolotov2009,
   author = {{Zolotov}, A. and {Willman}, B. and {Brooks}, A.~M. and {Governato}, F. and 
	{Brook}, C.~B. and {Hogg}, D.~W. and {Quinn}, T. and {Stinson}, G.
	},
    title = "{The Dual Origin of Stellar Halos}",
  journal = {\apj},
archivePrefix = "arXiv",
   eprint = {0904.3333},
 primaryClass = "astro-ph.GA",
 keywords = {Galaxy: formation, Galaxy: halo, galaxies: formation, galaxies: halos, methods: N-body simulations},
     year = 2009,
    month = sep,
   volume = 702,
    pages = {1058-1067},
      doi = {10.1088/0004-637X/702/2/1058},
   adsurl = {http://adsabs.harvard.edu/abs/2009ApJ...702.1058Z},
  adsnote = {Provided by the SAO/NASA Astrophysics Data System}
}

@ARTICLE{wetzel2016,
   author = {{Wetzel}, A.~R. and {Hopkins}, P.~F. and {Kim}, J.-h. and {Faucher-Gigu{\`e}re}, C.-A. and 
	{Kere{\v s}}, D. and {Quataert}, E.},
    title = "{Reconciling Dwarf Galaxies with {$\Lambda$}CDM Cosmology: Simulating a Realistic Population of Satellites around a Milky Way-mass Galaxy}",
  journal = {\apjl},
archivePrefix = "arXiv",
   eprint = {1602.05957},
 keywords = {cosmology: theory, galaxies: dwarf, galaxies: formation, galaxies: star formation, Local Group, methods: numerical},
     year = 2016,
    month = aug,
   volume = 827,
      eid = {L23},
    pages = {L23},
      doi = {10.3847/2041-8205/827/2/L23},
   adsurl = {http://adsabs.harvard.edu/abs/2016ApJ...827L..23W},
  adsnote = {Provided by the SAO/NASA Astrophysics Data System}
}

@ARTICLE{hopkins2015,
   author = {{Hopkins}, P.~F.},
    title = "{A new class of accurate, mesh-free hydrodynamic simulation methods}",
  journal = {\mnras},
archivePrefix = "arXiv",
   eprint = {1409.7395},
 keywords = {hydrodynamics, instabilities, turbulence, methods: numerical, cosmology: theory},
     year = 2015,
    month = jun,
   volume = 450,
    pages = {53-110},
      doi = {10.1093/mnras/stv195},
   adsurl = {http://adsabs.harvard.edu/abs/2015MNRAS.450...53H},
  adsnote = {Provided by the SAO/NASA Astrophysics Data System}
}

@ARTICLE{hopkins2017,
   author = {{Hopkins}, P.~F and {Wetzel}, A. and {Keres}, D. and {Faucher-Giguere}, C.-A. and 
	{Quataert}, E. and {Boylan-Kolchin}, M. and {Murray}, N. and 
	{Hayward}, C.~C. and {Garrison-Kimmel}, S. and {Hummels}, C. and 
	{Feldmann}, R. and {Torrey}, P. and {Ma}, X. and {Angles-Alcazar}, D. and 
	{Su}, K.-Y. and {Orr}, M. and {Schmitz}, D. and {Escala}, I. and 
	{Sanderson}, R. and {Grudic}, M.~Y. and {Hafen}, Z. and {Kim}, J.-H. and 
	{Fitts}, A. and {Bullock}, J.~S. and {Wheeler}, C. and {Chan}, T.~K. and 
	{Elbert}, O.~D. and {Narananan}, D.},
    title = "{FIRE-2 Simulations: Physics versus Numerics in Galaxy Formation}",
  journal = {ArXiv e-prints},
archivePrefix = "arXiv",
   eprint = {1702.06148},
 keywords = {Astrophysics - Astrophysics of Galaxies, Astrophysics - Cosmology and Nongalactic Astrophysics, Astrophysics - Instrumentation and Methods for Astrophysics},
     year = 2017,
    month = feb,
   adsurl = {http://adsabs.harvard.edu/abs/2017arXiv170206148H},
  adsnote = {Provided by the SAO/NASA Astrophysics Data System}
}

@ARTICLE{gk2014,
   author = {{Garrison-Kimmel}, S. and {Boylan-Kolchin}, M. and {Bullock}, J.~S. and 
	{Lee}, K.},
    title = "{ELVIS: Exploring the Local Volume in Simulations}",
  journal = {\mnras},
archivePrefix = "arXiv",
   eprint = {1310.6746},
 primaryClass = "astro-ph.CO",
 keywords = {galaxies: haloes, Local Group, cosmology: theory, dark matter},
     year = 2014,
    month = mar,
   volume = 438,
    pages = {2578-2596},
      doi = {10.1093/mnras/stt2377},
   adsurl = {http://adsabs.harvard.edu/abs/2014MNRAS.438.2578G},
  adsnote = {Provided by the SAO/NASA Astrophysics Data System}
}

@ARTICLE{wheeler2015,
   author = {{Wheeler}, C. and {O{\~n}orbe}, J. and {Bullock}, J.~S. and 
	{Boylan-Kolchin}, M. and {Elbert}, O.~D. and {Garrison-Kimmel}, S. and 
	{Hopkins}, P.~F. and {Kere{\v s}}, D.},
    title = "{Sweating the small stuff: simulating dwarf galaxies, ultra-faint dwarf galaxies, and their own tiny satellites}",
  journal = {\mnras},
archivePrefix = "arXiv",
   eprint = {1504.02466},
 keywords = {galaxies: dwarf, galaxies: groups: general, Local Group, galaxies: star formation},
     year = 2015,
    month = oct,
   volume = 453,
    pages = {1305-1316},
      doi = {10.1093/mnras/stv1691},
   adsurl = {http://adsabs.harvard.edu/abs/2015MNRAS.453.1305W},
  adsnote = {Provided by the SAO/NASA Astrophysics Data System}
}

@ARTICLE{feldmann2016,
   author = {{Feldmann}, R. and {Quataert}, E. and {Hopkins}, P.~F. and {Faucher-Gigu{\`e}re}, C.-A. and 
	{Kere{\v s}}, D.},
    title = "{Colors, Star formation Rates, and Environments of Star forming and Quiescent Galaxies at the Cosmic Noon}",
  journal = {ArXiv e-prints},
archivePrefix = "arXiv",
   eprint = {1610.02411},
 keywords = {Astrophysics - Astrophysics of Galaxies},
     year = 2016,
    month = oct,
   adsurl = {http://adsabs.harvard.edu/abs/2016arXiv161002411F},
  adsnote = {Provided by the SAO/NASA Astrophysics Data System}
}

@ARTICLE{hopkins2014,
   author = {{Hopkins}, P.~F. and {Kere{\v s}}, D. and {O{\~n}orbe}, J. and 
	{Faucher-Gigu{\`e}re}, C.-A. and {Quataert}, E. and {Murray}, N. and 
	{Bullock}, J.~S.},
    title = "{Galaxies on FIRE (Feedback In Realistic Environments): stellar feedback explains cosmologically inefficient star formation}",
  journal = {\mnras},
archivePrefix = "arXiv",
   eprint = {1311.2073},
 keywords = {stars: formation, galaxies: active, galaxies: evolution, galaxies: formation, cosmology: theory},
     year = 2014,
    month = nov,
   volume = 445,
    pages = {581-603},
      doi = {10.1093/mnras/stu1738},
   adsurl = {http://adsabs.harvard.edu/abs/2014MNRAS.445..581H},
  adsnote = {Provided by the SAO/NASA Astrophysics Data System}
}

@ARTICLE{ma2016,
   author = {{Ma}, X. and {Hopkins}, P.~F. and {Wetzel}, A.~R. and {Kirby}, E.~N. and 
	{Angles-Alcazar}, D. and {Faucher-Giguere}, C.-A. and {Keres}, D. and 
	{Quataert}, E.},
    title = "{The Structure and Dynamical Evolution of the Stellar Disk of a Simulated Milky Way-Mass Galaxy}",
  journal = {ArXiv e-prints},
archivePrefix = "arXiv",
   eprint = {1608.04133},
 keywords = {Astrophysics - Astrophysics of Galaxies, Astrophysics - Cosmology and Nongalactic Astrophysics},
     year = 2016,
    month = aug,
   adsurl = {http://adsabs.harvard.edu/abs/2016arXiv160804133M},
  adsnote = {Provided by the SAO/NASA Astrophysics Data System}
}

@ARTICLE{elbadry2016,
   author = {{El-Badry}, K. and {Wetzel}, A. and {Geha}, M. and {Hopkins}, P.~F. and 
	{Kere{\v s}}, D. and {Chan}, T.~K. and {Faucher-Gigu{\`e}re}, C.-A.
	},
    title = "{Breathing FIRE: How Stellar Feedback Drives Radial Migration, Rapid Size Fluctuations, and Population Gradients in Low-mass Galaxies}",
  journal = {\apj},
archivePrefix = "arXiv",
   eprint = {1512.01235},
 keywords = {galaxies: dwarf, galaxies: evolution, galaxies: kinematics and dynamics, galaxies: star formation},
     year = 2016,
    month = apr,
   volume = 820,
      eid = {131},
    pages = {131},
      doi = {10.3847/0004-637X/820/2/131},
   adsurl = {http://adsabs.harvard.edu/abs/2016ApJ...820..131E},
  adsnote = {Provided by the SAO/NASA Astrophysics Data System}
}

@ARTICLE{lowing2015,
   author = {{Lowing}, B. and {Wang}, W. and {Cooper}, A. and {Kennedy}, R. and 
	{Helly}, J. and {Cole}, S. and {Frenk}, C.},
    title = "{Creating mock catalogues of stellar haloes from cosmological simulations}",
  journal = {\mnras},
archivePrefix = "arXiv",
   eprint = {1406.2320},
 keywords = {methods: numerical, galaxies: haloes},
     year = 2015,
    month = jan,
   volume = 446,
    pages = {2274-2290},
      doi = {10.1093/mnras/stu2257},
   adsurl = {http://adsabs.harvard.edu/abs/2015MNRAS.446.2274L},
  adsnote = {Provided by the SAO/NASA Astrophysics Data System}
}

@ARTICLE{mateu2016,
   author = {{Mateu}, C. and {Cooper}, A. and {Font}, A.~S. and {Aguilar}, L. and 
	{Frenk}, C. and {Cole}, S. and {Wang}, W. and {McCarthy}, I.~G.
	},
    title = "{Predictions for the detection of Tidal Streams with Gaia using Great Circle Methods}",
  journal = {ArXiv e-prints},
archivePrefix = "arXiv",
   eprint = {1609.08653},
 keywords = {Astrophysics - Astrophysics of Galaxies},
     year = 2016,
    month = sep,
   adsurl = {http://adsabs.harvard.edu/abs/2016arXiv160908653M},
  adsnote = {Provided by the SAO/NASA Astrophysics Data System}
}

@ARTICLE{sanderson2015,
   author = {{Sanderson}, R.~E. and {Helmi}, A. and {Hogg}, D.~W.},
    title = "{Action-space Clustering of Tidal Streams to Infer the Galactic Potential}",
  journal = {\apj},
archivePrefix = "arXiv",
   eprint = {1404.6534},
 keywords = {astrometry, dark matter, Galaxy: halo, Galaxy: kinematics and dynamics, Galaxy: structure },
     year = 2015,
    month = mar,
   volume = 801,
      eid = {98},
    pages = {98},
      doi = {10.1088/0004-637X/801/2/98},
   adsurl = {http://adsabs.harvard.edu/abs/2015ApJ...801...98S},
  adsnote = {Provided by the SAO/NASA Astrophysics Data System}
}

@ARTICLE{samland2003,
   author = {{Samland}, M. and {Gerhard}, O.~E.},
    title = "{The formation of a disk galaxy within a growing dark halo}",
  journal = {\aap},
   eprint = {astro-ph/0301499},
 keywords = {galaxies: formation, galaxies: evolution, galaxies: stellar content, galaxies: structure, galaxies: kinematics and dynamics, galaxies: ISM},
     year = 2003,
    month = mar,
   volume = 399,
    pages = {961-982},
      doi = {10.1051/0004-6361:20021842},
   adsurl = {http://adsabs.harvard.edu/abs/2003A%26A...399..961S},
  adsnote = {Provided by the SAO/NASA Astrophysics Data System}
}

@ARTICLE{purcell2010,
   author = {{Purcell}, C.~W. and {Bullock}, J.~S. and {Kazantzidis}, S.},
    title = "{Heated disc stars in the stellar halo}",
  journal = {\mnras},
archivePrefix = "arXiv",
   eprint = {0910.5481},
 keywords = {galaxies: evolution, galaxies: formation, cosmology: theory},
     year = 2010,
    month = jun,
   volume = 404,
    pages = {1711-1718},
      doi = {10.1111/j.1365-2966.2010.16429.x},
   adsurl = {http://adsabs.harvard.edu/abs/2010MNRAS.404.1711P},
  adsnote = {Provided by the SAO/NASA Astrophysics Data System}
}

@ARTICLE{mamajek2008,
   author = {{Mamajek}, E.~E. and {Hillenbrand}, L.~A.},
    title = "{Improved Age Estimation for Solar-Type Dwarfs Using Activity-Rotation Diagnostics}",
  journal = {\apj},
archivePrefix = "arXiv",
   eprint = {0807.1686},
 keywords = {stars: activity, stars: chromospheres, stars: coronae, stars: fundamental parameters, stars: rotation, X-rays: stars},
     year = 2008,
    month = nov,
   volume = 687,
      eid = {1264-1293},
    pages = {1264-1293},
      doi = {10.1086/591785},
   adsurl = {http://adsabs.harvard.edu/abs/2008ApJ...687.1264M},
  adsnote = {Provided by the SAO/NASA Astrophysics Data System}
}

@ARTICLE{barnes2007,
   author = {{Barnes}, S.~A.},
    title = "{Ages for Illustrative Field Stars Using Gyrochronology: Viability, Limitations, and Errors}",
  journal = {\apj},
archivePrefix = "arXiv",
   eprint = {0704.3068},
 keywords = {Galaxy: Open Clusters and Associations: General, Stars: Activity, Stars: Evolution, Stars: Late-Type, Stars: Magnetic Fields, Stars: Rotation},
     year = 2007,
    month = nov,
   volume = 669,
    pages = {1167-1189},
      doi = {10.1086/519295},
   adsurl = {http://adsabs.harvard.edu/abs/2007ApJ...669.1167B},
  adsnote = {Provided by the SAO/NASA Astrophysics Data System}
}

@ARTICLE{ness2016,
   author = {{Ness}, M. and {Hogg}, D.~W. and {Rix}, H.-W. and {Martig}, M. and 
	{Pinsonneault}, M.~H. and {Ho}, A.~Y.~Q.},
    title = "{Spectroscopic Determination of Masses (and Implied Ages) for Red Giants}",
  journal = {\apj},
archivePrefix = "arXiv",
   eprint = {1511.08204},
 primaryClass = "astro-ph.SR",
 keywords = {Galaxy: stellar content, methods: data analysis, methods: statistical, stars: evolution, stars: fundamental parameters, techniques: spectroscopic},
     year = 2016,
    month = jun,
   volume = 823,
      eid = {114},
    pages = {114},
      doi = {10.3847/0004-637X/823/2/114},
   adsurl = {http://adsabs.harvard.edu/abs/2016ApJ...823..114N},
  adsnote = {Provided by the SAO/NASA Astrophysics Data System}
}

@ARTICLE{soderblom2010,
   author = {{Soderblom}, D.~R.},
    title = "{The Ages of Stars}",
  journal = {\araa},
archivePrefix = "arXiv",
   eprint = {1003.6074},
 primaryClass = "astro-ph.SR",
     year = 2010,
    month = sep,
   volume = 48,
    pages = {581-629},
      doi = {10.1146/annurev-astro-081309-130806},
   adsurl = {http://adsabs.harvard.edu/abs/2010ARA%26A..48..581S},
  adsnote = {Provided by the SAO/NASA Astrophysics Data System}
}

@ARTICLE{soubiran2003,
   author = {{Soubiran}, C. and {Bienaym{\'e}}, O. and {Siebert}, A.},
    title = "{Vertical distribution of Galactic disk stars.  I. Kinematics and metallicity}",
  journal = {\aap},
   eprint = {astro-ph/0210628},
 keywords = {stars: kinematics, stars: abundances, Galaxy: disk, Galaxy: kinematics and dynamics, Galaxy: structure, Galaxy: solar neighbourhood},
     year = 2003,
    month = jan,
   volume = 398,
    pages = {141-151},
      doi = {10.1051/0004-6361:20021615},
   adsurl = {http://adsabs.harvard.edu/abs/2003A%26A...398..141S},
  adsnote = {Provided by the SAO/NASA Astrophysics Data System}
}

@ARTICLE{carollo2010,
   author = {{Carollo}, D. and {Beers}, T.~C. and {Chiba}, M. and {Norris}, J.~E. and 
	{Freeman}, K.~C. and {Lee}, Y.~S. and {Ivezi{\'c}}, {\v Z}. and 
	{Rockosi}, C.~M. and {Yanny}, B.},
    title = "{Structure and Kinematics of the Stellar Halos and Thick Disks of the Milky Way Based on Calibration Stars from Sloan Digital Sky Survey DR7}",
  journal = {\apj},
archivePrefix = "arXiv",
   eprint = {0909.3019},
 keywords = {Galaxy: disk, Galaxy: formation, Galaxy: halo, Galaxy: kinematics and dynamics, methods: data analysis, stars: abundances},
     year = 2010,
    month = mar,
   volume = 712,
    pages = {692-727},
      doi = {10.1088/0004-637X/712/1/692},
   adsurl = {http://adsabs.harvard.edu/abs/2010ApJ...712..692C},
  adsnote = {Provided by the SAO/NASA Astrophysics Data System}
}

@ARTICLE{tess,
   author = {{Ricker}, G.~R. and {Winn}, J.~N. and {Vanderspek}, R. and {Latham}, D.~W. and 
	{Bakos}, G.~{\'A}. and {Bean}, J.~L. and {Berta-Thompson}, Z.~K. and 
	{Brown}, T.~M. and {Buchhave}, L. and {Butler}, N.~R. and {Butler}, R.~P. and 
	{Chaplin}, W.~J. and {Charbonneau}, D. and {Christensen-Dalsgaard}, J. and 
	{Clampin}, M. and {Deming}, D. and {Doty}, J. and {De Lee}, N. and 
	{Dressing}, C. and {Dunham}, E.~W. and {Endl}, M. and {Fressin}, F. and 
	{Ge}, J. and {Henning}, T. and {Holman}, M.~J. and {Howard}, A.~W. and 
	{Ida}, S. and {Jenkins}, J.~M. and {Jernigan}, G. and {Johnson}, J.~A. and 
	{Kaltenegger}, L. and {Kawai}, N. and {Kjeldsen}, H. and {Laughlin}, G. and 
	{Levine}, A.~M. and {Lin}, D. and {Lissauer}, J.~J. and {MacQueen}, P. and 
	{Marcy}, G. and {McCullough}, P.~R. and {Morton}, T.~D. and 
	{Narita}, N. and {Paegert}, M. and {Palle}, E. and {Pepe}, F. and 
	{Pepper}, J. and {Quirrenbach}, A. and {Rinehart}, S.~A. and 
	{Sasselov}, D. and {Sato}, B. and {Seager}, S. and {Sozzetti}, A. and 
	{Stassun}, K.~G. and {Sullivan}, P. and {Szentgyorgyi}, A. and 
	{Torres}, G. and {Udry}, S. and {Villasenor}, J.},
    title = "{Transiting Exoplanet Survey Satellite (TESS)}",
  journal = {Journal of Astronomical Telescopes, Instruments, and Systems},
     year = 2015,
    month = jan,
   volume = 1,
   number = 1,
      eid = {014003},
    pages = {014003},
      doi = {10.1117/1.JATIS.1.1.014003},
   adsurl = {http://adsabs.harvard.edu/abs/2015JATIS...1a4003R},
  adsnote = {Provided by the SAO/NASA Astrophysics Data System}
}

@ARTICLE{plato,
   author = {{Rauer}, H. and {Catala}, C. and {Aerts}, C. and {Appourchaux}, T. and 
	{Benz}, W. and {Brandeker}, A. and {Christensen-Dalsgaard}, J. and 
	{Deleuil}, M. and {Gizon}, L. and {Goupil}, M.-J. and {G{\"u}del}, M. and 
	{Janot-Pacheco}, E. and {Mas-Hesse}, M. and {Pagano}, I. and 
	{Piotto}, G. and {Pollacco}, D. and {Santos}, {\.C}. and {Smith}, A. and 
	{Su{\'a}rez}, J.-C. and {Szab{\'o}}, R. and {Udry}, S. and {Adibekyan}, V. and 
	{Alibert}, Y. and {Almenara}, J.-M. and {Amaro-Seoane}, P. and 
	{Eiff}, M.~A.-v. and {Asplund}, M. and {Antonello}, E. and {Barnes}, S. and 
	{Baudin}, F. and {Belkacem}, K. and {Bergemann}, M. and {Bihain}, G. and 
	{Birch}, A.~C. and {Bonfils}, X. and {Boisse}, I. and {Bonomo}, A.~S. and 
	{Borsa}, F. and {Brand{\~a}o}, I.~M. and {Brocato}, E. and {Brun}, S. and 
	{Burleigh}, M. and {Burston}, R. and {Cabrera}, J. and {Cassisi}, S. and 
	{Chaplin}, W. and {Charpinet}, S. and {Chiappini}, C. and {Church}, R.~P. and 
	{Csizmadia}, S. and {Cunha}, M. and {Damasso}, M. and {Davies}, M.~B. and 
	{Deeg}, H.~J. and {D{\'{\i}}az}, R.~F. and {Dreizler}, S. and 
	{Dreyer}, C. and {Eggenberger}, P. and {Ehrenreich}, D. and 
	{Eigm{\"u}ller}, P. and {Erikson}, A. and {Farmer}, R. and {Feltzing}, S. and 
	{de Oliveira Fialho}, F. and {Figueira}, P. and {Forveille}, T. and 
	{Fridlund}, M. and {Garc{\'{\i}}a}, R.~A. and {Giommi}, P. and 
	{Giuffrida}, G. and {Godolt}, M. and {Gomes da Silva}, J. and 
	{Granzer}, T. and {Grenfell}, J.~L. and {Grotsch-Noels}, A. and 
	{G{\"u}nther}, E. and {Haswell}, C.~A. and {Hatzes}, A.~P. and 
	{H{\'e}brard}, G. and {Hekker}, S. and {Helled}, R. and {Heng}, K. and 
	{Jenkins}, J.~M. and {Johansen}, A. and {Khodachenko}, M.~L. and 
	{Kislyakova}, K.~G. and {Kley}, W. and {Kolb}, U. and {Krivova}, N. and 
	{Kupka}, F. and {Lammer}, H. and {Lanza}, A.~F. and {Lebreton}, Y. and 
	{Magrin}, D. and {Marcos-Arenal}, P. and {Marrese}, P.~M. and 
	{Marques}, J.~P. and {Martins}, J. and {Mathis}, S. and {Mathur}, S. and 
	{Messina}, S. and {Miglio}, A. and {Montalban}, J. and {Montalto}, M. and 
	{Monteiro}, M.~J.~P.~F.~G. and {Moradi}, H. and {Moravveji}, E. and 
	{Mordasini}, C. and {Morel}, T. and {Mortier}, A. and {Nascimbeni}, V. and 
	{Nelson}, R.~P. and {Nielsen}, M.~B. and {Noack}, L. and {Norton}, A.~J. and 
	{Ofir}, A. and {Oshagh}, M. and {Ouazzani}, R.-M. and {P{\'a}pics}, P. and 
	{Parro}, V.~C. and {Petit}, P. and {Plez}, B. and {Poretti}, E. and 
	{Quirrenbach}, A. and {Ragazzoni}, R. and {Raimondo}, G. and 
	{Rainer}, M. and {Reese}, D.~R. and {Redmer}, R. and {Reffert}, S. and 
	{Rojas-Ayala}, B. and {Roxburgh}, I.~W. and {Salmon}, S. and 
	{Santerne}, A. and {Schneider}, J. and {Schou}, J. and {Schuh}, S. and 
	{Schunker}, H. and {Silva-Valio}, A. and {Silvotti}, R. and 
	{Skillen}, I. and {Snellen}, I. and {Sohl}, F. and {Sousa}, S.~G. and 
	{Sozzetti}, A. and {Stello}, D. and {Strassmeier}, K.~G. and 
	{{\v S}vanda}, M. and {Szab{\'o}}, G.~M. and {Tkachenko}, A. and 
	{Valencia}, D. and {Van Grootel}, V. and {Vauclair}, S.~D. and 
	{Ventura}, P. and {Wagner}, F.~W. and {Walton}, N.~A. and {Weingrill}, J. and 
	{Werner}, S.~C. and {Wheatley}, P.~J. and {Zwintz}, K.},
    title = "{The PLATO 2.0 mission}",
  journal = {Experimental Astronomy},
archivePrefix = "arXiv",
   eprint = {1310.0696},
 primaryClass = "astro-ph.EP",
 keywords = {Exoplanets, Asteroseismology, Transit survey, Stellar science, Exoplanetary science},
     year = 2014,
    month = nov,
   volume = 38,
    pages = {249-330},
      doi = {10.1007/s10686-014-9383-4},
   adsurl = {http://adsabs.harvard.edu/abs/2014ExA....38..249R},
  adsnote = {Provided by the SAO/NASA Astrophysics Data System}
}

@ARTICLE{gcs,
   author = {{Nordstr{\"o}m}, B. and {Mayor}, M. and {Andersen}, J. and {Holmberg}, J. and 
	{Pont}, F. and {J{\o}rgensen}, B.~R. and {Olsen}, E.~H. and 
	{Udry}, S. and {Mowlavi}, N.},
    title = "{The Geneva-Copenhagen survey of the Solar neighbourhood. Ages, metallicities, and kinematic properties of {\tilde}14 000 F and G dwarfs}",
  journal = {\aap},
   eprint = {astro-ph/0405198},
 keywords = {Galaxy: disk, Galaxy: solar neighbourhood, Galaxy: stellar content, Galaxy: kinematics and dynamics, Galaxy: evolution, stars: fundamental parameters},
     year = 2004,
    month = may,
   volume = 418,
    pages = {989-1019},
      doi = {10.1051/0004-6361:20035959},
   adsurl = {http://adsabs.harvard.edu/abs/2004A%26A...418..989N},
  adsnote = {Provided by the SAO/NASA Astrophysics Data System}
}

@ARTICLE{keplerages,
   author = {{Silva Aguirre}, V. and {Davies}, G.~R. and {Basu}, S. and {Christensen-Dalsgaard}, J. and 
	{Creevey}, O. and {Metcalfe}, T.~S. and {Bedding}, T.~R. and 
	{Casagrande}, L. and {Handberg}, R. and {Lund}, M.~N. and {Nissen}, P.~E. and 
	{Chaplin}, W.~J. and {Huber}, D. and {Serenelli}, A.~M. and 
	{Stello}, D. and {Van Eylen}, V. and {Campante}, T.~L. and {Elsworth}, Y. and 
	{Gilliland}, R.~L. and {Hekker}, S. and {Karoff}, C. and {Kawaler}, S.~D. and 
	{Kjeldsen}, H. and {Lundkvist}, M.~S.},
    title = "{Ages and fundamental properties of Kepler exoplanet host stars from asteroseismology}",
  journal = {\mnras},
archivePrefix = "arXiv",
   eprint = {1504.07992},
 primaryClass = "astro-ph.SR",
 keywords = {asteroseismology, planets and satellites: fundamental parameters, stars: evolution, stars: fundamental parameters, stars: oscillations, planetary systems},
     year = 2015,
    month = sep,
   volume = 452,
    pages = {2127-2148},
      doi = {10.1093/mnras/stv1388},
   adsurl = {http://adsabs.harvard.edu/abs/2015MNRAS.452.2127S},
  adsnote = {Provided by the SAO/NASA Astrophysics Data System}
}

@ARTICLE{sandage1970,
   author = {{Sandage}, A.},
    title = "{Main-sequence photometry, color-magnitude diagrams, and ages for the globular clusters M3, M13, M15, and M92}",
  journal = {\apj},
     year = 1970,
    month = dec,
   volume = 162,
    pages = {841},
      doi = {10.1086/150715},
   adsurl = {http://adsabs.harvard.edu/abs/1970ApJ...162..841S},
  adsnote = {Provided by the SAO/NASA Astrophysics Data System}
}

@ARTICLE{chaboyer1998,
   author = {{Chaboyer}, B. and {Demarque}, P. and {Kernan}, P.~J. and {Krauss}, L.~M.
	},
    title = "{The Age of Globular Clusters in Light of Hipparcos: Resolving the Age Problem?}",
  journal = {\apj},
   eprint = {astro-ph/9706128},
 keywords = {COSMOLOGY: THEORY, COSMOLOGY: DISTANCE SCALE, GALAXY: GLOBULAR CLUSTERS: GENERAL, STARS: EVOLUTION, STARS: INTERIORS, STARS: POPULATION II, Cosmology: Theory, Cosmology: Distance Scale, Galaxy: Globular Clusters: General, Stars: Evolution, Stars: Interiors, Stars: Population II},
     year = 1998,
    month = feb,
   volume = 494,
    pages = {96-110},
      doi = {10.1086/305201},
   adsurl = {http://adsabs.harvard.edu/abs/1998ApJ...494...96C},
  adsnote = {Provided by the SAO/NASA Astrophysics Data System}
}

@ARTICLE{dotter2007,
   author = {{Dotter}, A. and {Chaboyer}, B. and {Jevremovi{\'c}}, D. and 
	{Baron}, E. and {Ferguson}, J.~W. and {Sarajedini}, A. and {Anderson}, J.
	},
    title = "{The ACS Survey of Galactic Globular Clusters. II. Stellar Evolution Tracks, Isochrones, Luminosity Functions, and Synthetic Horizontal-Branch Models}",
  journal = {\aj},
archivePrefix = "arXiv",
   eprint = {0706.0847},
 keywords = {globular clusters: general, stars: evolution},
     year = 2007,
    month = jul,
   volume = 134,
    pages = {376-390},
      doi = {10.1086/517915},
   adsurl = {http://adsabs.harvard.edu/abs/2007AJ....134..376D},
  adsnote = {Provided by the SAO/NASA Astrophysics Data System}
}

@ARTICLE{gies1986,
   author = {{Gies}, D.~R. and {Bolton}, C.~T.},
    title = "{The binary frequency and origin of the OB runaway stars}",
  journal = {\apjs},
 keywords = {B Stars, Binary Stars, Early Stars, O Stars, Radial Velocity, Analysis Of Variance, High Dispersion Spectrographs, Orbital Elements, Statistical Tests, Velocity Measurement},
     year = 1986,
    month = jun,
   volume = 61,
    pages = {419-454},
      doi = {10.1086/191118},
   adsurl = {http://adsabs.harvard.edu/abs/1986ApJS...61..419G},
  adsnote = {Provided by the SAO/NASA Astrophysics Data System}
}

@ARTICLE{conlon1990,
   author = {{Conlon}, E.~S. and {Dufton}, P.~L. and {Keenan}, F.~P. and 
	{Leonard}, P.~J.~T.},
    title = "{The runaway nature of distant early-type stars in the galactic halo}",
  journal = {\aap},
 keywords = {B Stars, Binary Stars, Blue Stars, Early Stars, Galactic Structure, Stellar Evolution, Many Body Problem, Mass Transfer, Open Clusters, Reference Stars, Stellar Mass, Supernovae},
     year = 1990,
    month = sep,
   volume = 236,
    pages = {357-361},
   adsurl = {http://adsabs.harvard.edu/abs/1990A%26A...236..357C},
  adsnote = {Provided by the SAO/NASA Astrophysics Data System}
}

@ARTICLE{bromley2009,
   author = {{Bromley}, B.~C. and {Kenyon}, S.~J. and {Brown}, W.~R. and 
	{Geller}, M.~J.},
    title = "{Runaway Stars, Hypervelocity Stars, and Radial Velocity Surveys}",
  journal = {\apj},
archivePrefix = "arXiv",
   eprint = {0907.5567},
 keywords = {Galaxy: halo, Galaxy: kinematics and dynamics, Galaxy: stellar content, Galaxy: structure, stars: early-type},
     year = 2009,
    month = dec,
   volume = 706,
    pages = {925-940},
      doi = {10.1088/0004-637X/706/2/925},
   adsurl = {http://adsabs.harvard.edu/abs/2009ApJ...706..925B},
  adsnote = {Provided by the SAO/NASA Astrophysics Data System}
}

@ARTICLE{perets2012,
   author = {{Perets}, H.~B. and {{\v S}ubr}, L.},
    title = "{The Properties of Dynamically Ejected Runaway and Hyper-runaway Stars}",
  journal = {\apj},
archivePrefix = "arXiv",
   eprint = {1202.2356},
 primaryClass = "astro-ph.SR",
 keywords = {binaries: general, stars: kinematics and dynamics, stars: peculiar, stars: statistics},
     year = 2012,
    month = jun,
   volume = 751,
      eid = {133},
    pages = {133},
      doi = {10.1088/0004-637X/751/2/133},
   adsurl = {http://adsabs.harvard.edu/abs/2012ApJ...751..133P},
  adsnote = {Provided by the SAO/NASA Astrophysics Data System}
}

@ARTICLE{blaauw1961,
   author = {{Blaauw}, A.},
    title = "{On the origin of the O- and B-type stars with high velocities (the ``run-away'' stars), and some related problems}",
  journal = {\bain},
     year = 1961,
    month = may,
   volume = 15,
    pages = {265},
   adsurl = {http://adsabs.harvard.edu/abs/1961BAN....15..265B},
  adsnote = {Provided by the SAO/NASA Astrophysics Data System}
}

@ARTICLE{tobin1981,
   author = {{Tobin}, W. and {Kilkenny}, D.},
    title = "{On the apparent normality of O and B stars far from the galactic plane}",
  journal = {\mnras},
 keywords = {B Stars, Normality, O Stars, Stellar Spectra, Stellar Spectrophotometry, Balmer Series, H Lines, Helium, Main Sequence Stars, Stellar Evolution, Stellar Luminosity, Stellar Magnitude, Stellar Rotation, Subdwarf Stars},
     year = 1981,
    month = mar,
   volume = 194,
    pages = {937-946},
      doi = {10.1093/mnras/194.4.937},
   adsurl = {http://adsabs.harvard.edu/abs/1981MNRAS.194..937T},
  adsnote = {Provided by the SAO/NASA Astrophysics Data System}
}

@ARTICLE{feast1965,
   author = {{Feast}, M.~W. and {Shuttleworth}, M.},
    title = "{The kinematics of B stars, cepheids, galactic clusters and interstellar gas in the Galaxy}",
  journal = {\mnras},
     year = 1965,
   volume = 130,
    pages = {243},
      doi = {10.1093/mnras/130.4.245},
   adsurl = {http://adsabs.harvard.edu/abs/1965MNRAS.130..245F},
  adsnote = {Provided by the SAO/NASA Astrophysics Data System}
}

@INPROCEEDINGS{vdheuvel1981,
   author = {{van den Heuvel}, E.~P.~J.},
    title = "{Evolution of close binaries and the formation of pulsars}",
 keywords = {Binary Stars, Pulsars, Stellar Evolution, Black Holes (Astronomy), Stellar Envelopes, Stellar Mass, Stellar Mass Accretion, Supernovae, White Dwarf Stars, X Ray Sources},
booktitle = {Pulsars: 13 Years of Research on Neutron Stars},
     year = 1981,
   series = {IAU Symposium},
   volume = 95,
   editor = {{Sieber}, W. and {Wielebinski}, R.},
    pages = {379-394},
   adsurl = {http://adsabs.harvard.edu/abs/1981IAUS...95..379V},
  adsnote = {Provided by the SAO/NASA Astrophysics Data System}
}

@ARTICLE{michalik2015,
   author = {{Michalik}, D. and {Lindegren}, L. and {Hobbs}, D.},
    title = "{The Tycho-Gaia astrometric solution . How to get 2.5 million parallaxes with less than one year of Gaia data}",
  journal = {\aap},
archivePrefix = "arXiv",
   eprint = {1412.8770},
 primaryClass = "astro-ph.IM",
 keywords = {astrometry, methods: data analysis, methods: numerical, space vehicles: instruments, parallaxes, proper motions},
     year = 2015,
    month = feb,
   volume = 574,
      eid = {A115},
    pages = {A115},
      doi = {10.1051/0004-6361/201425310},
   adsurl = {http://adsabs.harvard.edu/abs/2015A%26A...574A.115M},
  adsnote = {Provided by the SAO/NASA Astrophysics Data System}
}

@ARTICLE{gaiadr1,
   author = {{Gaia Collaboration} and {Brown}, A.~G.~A. and {Vallenari}, A. and 
	{Prusti}, T. and {de Bruijne}, J.~H.~J. and {Mignard}, F. and 
	{Drimmel}, R. and {Babusiaux}, C. and {Bailer-Jones}, C.~A.~L. and 
	{Bastian}, U. and et al.},
    title = "{Gaia Data Release 1. Summary of the astrometric, photometric, and survey properties}",
  journal = {\aap},
archivePrefix = "arXiv",
   eprint = {1609.04172},
 primaryClass = "astro-ph.IM",
 keywords = {catalogs, astrometry, parallaxes, proper motions, surveys},
     year = 2016,
    month = nov,
   volume = 595,
      eid = {A2},
    pages = {A2},
      doi = {10.1051/0004-6361/201629512},
   adsurl = {http://adsabs.harvard.edu/abs/2016A%26A...595A...2G},
  adsnote = {Provided by the SAO/NASA Astrophysics Data System}
}

@ARTICLE{gaiamission,
   author = {{Gaia Collaboration} and {Prusti}, T. and {de Bruijne}, J.~H.~J. and 
	{Brown}, A.~G.~A. and {Vallenari}, A. and {Babusiaux}, C. and 
	{Bailer-Jones}, C.~A.~L. and {Bastian}, U. and {Biermann}, M. and 
	{Evans}, D.~W. and et al.},
    title = "{The Gaia mission}",
  journal = {\aap},
archivePrefix = "arXiv",
   eprint = {1609.04153},
 primaryClass = "astro-ph.IM",
 keywords = {space vehicles: instruments, Galaxy: structure, astrometry, parallaxes, proper motions, telescopes},
     year = 2016,
    month = nov,
   volume = 595,
      eid = {A1},
    pages = {A1},
      doi = {10.1051/0004-6361/201629272},
   adsurl = {http://adsabs.harvard.edu/abs/2016A%26A...595A...1G},
  adsnote = {Provided by the SAO/NASA Astrophysics Data System}
}

@ARTICLE{gaiaastrometry,
   author = {{Lindegren}, L. and {Lammers}, U. and {Bastian}, U. and {Hern{\'a}ndez}, J. and 
	{Klioner}, S. and {Hobbs}, D. and {Bombrun}, A. and {Michalik}, D. and 
	{Ramos-Lerate}, M. and {Butkevich}, A. and {Comoretto}, G. and 
	{Joliet}, E. and {Holl}, B. and {Hutton}, A. and {Parsons}, P. and 
	{Steidelm{\"u}ller}, H. and {Abbas}, U. and {Altmann}, M. and 
	{Andrei}, A. and {Anton}, S. and {Bach}, N. and {Barache}, C. and 
	{Becciani}, U. and {Berthier}, J. and {Bianchi}, L. and {Biermann}, M. and 
	{Bouquillon}, S. and {Bourda}, G. and {Br{\"u}semeister}, T. and 
	{Bucciarelli}, B. and {Busonero}, D. and {Carlucci}, T. and 
	{Casta{\~n}eda}, J. and {Charlot}, P. and {Clotet}, M. and {Crosta}, M. and 
	{Davidson}, M. and {de Felice}, F. and {Drimmel}, R. and {Fabricius}, C. and 
	{Fienga}, A. and {Figueras}, F. and {Fraile}, E. and {Gai}, M. and 
	{Garralda}, N. and {Geyer}, R. and {Gonz{\'a}lez-Vidal}, J.~J. and 
	{Guerra}, R. and {Hambly}, N.~C. and {Hauser}, M. and {Jordan}, S. and 
	{Lattanzi}, M.~G. and {Lenhardt}, H. and {Liao}, S. and {L{\"o}ffler}, W. and 
	{McMillan}, P.~J. and {Mignard}, F. and {Mora}, A. and {Morbidelli}, R. and 
	{Portell}, J. and {Riva}, A. and {Sarasso}, M. and {Serraller}, I. and 
	{Siddiqui}, H. and {Smart}, R. and {Spagna}, A. and {Stampa}, U. and 
	{Steele}, I. and {Taris}, F. and {Torra}, J. and {van Reeven}, W. and 
	{Vecchiato}, A. and {Zschocke}, S. and {de Bruijne}, J. and 
	{Gracia}, G. and {Raison}, F. and {Lister}, T. and {Marchant}, J. and 
	{Messineo}, R. and {Soffel}, M. and {Osorio}, J. and {de Torres}, A. and 
	{O'Mullane}, W.},
    title = "{Gaia Data Release 1. Astrometry: one billion positions, two million proper motions and parallaxes}",
  journal = {\aap},
archivePrefix = "arXiv",
   eprint = {1609.04303},
 keywords = {astrometry, parallaxes, proper motions, methods: data analysis, space vehicles: instruments, reference systems},
     year = 2016,
    month = nov,
   volume = 595,
      eid = {A4},
    pages = {A4},
      doi = {10.1051/0004-6361/201628714},
   adsurl = {http://adsabs.harvard.edu/abs/2016A%26A...595A...4L},
  adsnote = {Provided by the SAO/NASA Astrophysics Data System}
}

@ARTICLE{hog2000,
   author = {{H{\o}g}, E. and {Fabricius}, C. and {Makarov}, V.~V. and {Urban}, S. and 
	{Corbin}, T. and {Wycoff}, G. and {Bastian}, U. and {Schwekendiek}, P. and 
	{Wicenec}, A.},
    title = "{The Tycho-2 catalogue of the 2.5 million brightest stars}",
  journal = {\aap},
 keywords = {ASTROMETRY, STARS: FUNDAMENTAL PARAMETERS, CATALOGS},
     year = 2000,
    month = mar,
   volume = 355,
    pages = {L27-L30},
   adsurl = {http://adsabs.harvard.edu/abs/2000A%26A...355L..27H},
  adsnote = {Provided by the SAO/NASA Astrophysics Data System}
}

@ARTICLE{vleeuwen2007,
   author = {{van Leeuwen}, F.},
    title = "{Validation of the new Hipparcos reduction}",
  journal = {\aap},
archivePrefix = "arXiv",
   eprint = {0708.1752},
 keywords = {space vehicles: instruments, methods: data analysis, catalogs, astrometry, instrumentation: miscellaneous},
     year = 2007,
    month = nov,
   volume = 474,
    pages = {653-664},
      doi = {10.1051/0004-6361:20078357},
   adsurl = {http://adsabs.harvard.edu/abs/2007A%26A...474..653V},
  adsnote = {Provided by the SAO/NASA Astrophysics Data System}
}

@PROCEEDINGS{hipparcos,
    title = "{The HIPPARCOS and TYCHO catalogues. Astrometric and photometric star catalogues derived from the ESA HIPPARCOS Space Astrometry Mission}",
 keywords = {SPACE ASTROMETRY, STAR CATALOGS, POSITIONS, ARTIFICIAL SATELLITES},
booktitle = {ESA Special Publication},
     year = 1997,
   series = {ESA Special Publication},
   volume = 1200,
   editor = {{ESA}},
   adsurl = {http://adsabs.harvard.edu/abs/1997ESASP1200.....E},
  adsnote = {Provided by the SAO/NASA Astrophysics Data System}
}

@ARTICLE{steinmetz2006,
   author = {{Steinmetz}, M. and {Zwitter}, T. and {Siebert}, A. and {Watson}, F.~G. and 
	{Freeman}, K.~C. and {Munari}, U. and {Campbell}, R. and {Williams}, M. and 
	{Seabroke}, G.~M. and {Wyse}, R.~F.~G. and {Parker}, Q.~A. and 
	{Bienaym{\'e}}, O. and {Roeser}, S. and {Gibson}, B.~K. and 
	{Gilmore}, G. and {Grebel}, E.~K. and {Helmi}, A. and {Navarro}, J.~F. and 
	{Burton}, D. and {Cass}, C.~J.~P. and {Dawe}, J.~A. and {Fiegert}, K. and 
	{Hartley}, M. and {Russell}, K.~S. and {Saunders}, W. and {Enke}, H. and 
	{Bailin}, J. and {Binney}, J. and {Bland-Hawthorn}, J. and {Boeche}, C. and 
	{Dehnen}, W. and {Eisenstein}, D.~J. and {Evans}, N.~W. and 
	{Fiorucci}, M. and {Fulbright}, J.~P. and {Gerhard}, O. and 
	{Jauregi}, U. and {Kelz}, A. and {Mijovi{\'c}}, L. and {Minchev}, I. and 
	{Parmentier}, G. and {Pe{\~n}arrubia}, J. and {Quillen}, A.~C. and 
	{Read}, M.~A. and {Ruchti}, G. and {Scholz}, R.-D. and {Siviero}, A. and 
	{Smith}, M.~C. and {Sordo}, R. and {Veltz}, L. and {Vidrih}, S. and 
	{von Berlepsch}, R. and {Boyle}, B.~J. and {Schilbach}, E.},
    title = "{The Radial Velocity Experiment (RAVE): First Data Release}",
  journal = {\aj},
   eprint = {astro-ph/0606211},
 keywords = {Catalogs, Stars: Fundamental Parameters, Surveys},
     year = 2006,
    month = oct,
   volume = 132,
    pages = {1645-1668},
      doi = {10.1086/506564},
   adsurl = {http://adsabs.harvard.edu/abs/2006AJ....132.1645S},
  adsnote = {Provided by the SAO/NASA Astrophysics Data System}
}

@INPROCEEDINGS{6df,
   author = {{Watson}, F.~G. and {Parker}, Q.~A. and {Bogatu}, G. and {Farrell}, T.~J. and 
	{Hingley}, B.~E. and {Miziarski}, S.},
    title = "{Progress with 6dF: a multi-object spectroscopy system for all-sky surveys}",
booktitle = {Optical and IR Telescope Instrumentation and Detectors},
     year = 2000,
   series = {\procspie},
   volume = 4008,
   editor = {{Iye}, M. and {Moorwood}, A.~F.},
    month = aug,
    pages = {123-128},
      doi = {10.1117/12.395490},
   adsurl = {http://adsabs.harvard.edu/abs/2000SPIE.4008..123W},
  adsnote = {Provided by the SAO/NASA Astrophysics Data System}
}

@ARTICLE{majewski2015,
   author = {{Majewski}, S.~R. and {Schiavon}, R.~P. and {Frinchaboy}, P.~M. and 
	{Allende Prieto}, C. and {Barkhouser}, R. and {Bizyaev}, D. and 
	{Blank}, B. and {Brunner}, S. and {Burton}, A. and {Carrera}, R. and 
	{Chojnowski}, S.~D. and {Cunha}, K. and {Epstein}, C. and {Fitzgerald}, G. and 
	{Garcia Perez}, A.~E. and {Hearty}, F.~R. and {Henderson}, C. and 
	{Holtzman}, J.~A. and {Johnson}, J.~A. and {Lam}, C.~R. and 
	{Lawler}, J.~E. and {Maseman}, P. and {Meszaros}, S. and {Nelson}, M. and 
	{Coung Nguyen}, D. and {Nidever}, D.~L. and {Pinsonneault}, M. and 
	{Shetrone}, M. and {Smee}, S. and {Smith}, V.~V. and {Stolberg}, T. and 
	{Skrutskie}, M.~F. and {Walker}, E. and {Wilson}, J.~C. and 
	{Zasowski}, G. and {Anders}, F. and {Basu}, S. and {Beland}, S. and 
	{Blanton}, M.~R. and {Bovy}, J. and {Brownstein}, J.~R. and 
	{Carlberg}, J. and {Chaplin}, W. and {Chiappini}, C. and {Eisenstein}, D.~J. and 
	{Elsworth}, Y. and {Feuillet}, D. and {Fleming}, S.~W. and {Galbraith-Frew}, J. and 
	{Garcia}, R.~A. and {Anibal Garcia-Hernandez}, D. and {Gillespie}, B.~A. and 
	{Girardi}, L. and {Gunn}, J.~E. and {Hasselquist}, S. and {Hayden}, M.~R. and 
	{Hekker}, S. and {Ivans}, I. and {Kinemuchi}, K. and {Klaene}, M. and 
	{Mahadevan}, S. and {Mathur}, S. and {Mosser}, B. and {Muna}, D. and 
	{Munn}, J.~A. and {Nichol}, R.~C. and {O'Connell}, R.~W. and 
	{Robin}, A.~C. and {Rocha-Pinto}, H. and {Schultheis}, M. and 
	{Serenelli}, A.~M. and {Shane}, N. and {Silva Aguirre}, V. and 
	{Sobeck}, J.~S. and {Thompson}, B. and {Troup}, N.~W. and {Weinberg}, D.~H. and 
	{Zamora}, O.},
    title = "{The Apache Point Observatory Galactic Evolution Experiment (APOGEE)}",
  journal = {ArXiv e-prints},
archivePrefix = "arXiv",
   eprint = {1509.05420},
 primaryClass = "astro-ph.IM",
 keywords = {Astrophysics - Instrumentation and Methods for Astrophysics, Astrophysics - Astrophysics of Galaxies},
     year = 2015,
    month = sep,
   adsurl = {http://adsabs.harvard.edu/abs/2015arXiv150905420M},
  adsnote = {Provided by the SAO/NASA Astrophysics Data System}
}

@ARTICLE{holtzman2015,
   author = {{Holtzman}, J.~A. and {Shetrone}, M. and {Johnson}, J.~A. and 
	{Allende Prieto}, C. and {Anders}, F. and {Andrews}, B. and 
	{Beers}, T.~C. and {Bizyaev}, D. and {Blanton}, M.~R. and {Bovy}, J. and 
	{Carrera}, R. and {Chojnowski}, S.~D. and {Cunha}, K. and {Eisenstein}, D.~J. and 
	{Feuillet}, D. and {Frinchaboy}, P.~M. and {Galbraith-Frew}, J. and 
	{Garc{\'{\i}}a P{\'e}rez}, A.~E. and {Garc{\'{\i}}a-Hern{\'a}ndez}, D.~A. and 
	{Hasselquist}, S. and {Hayden}, M.~R. and {Hearty}, F.~R. and 
	{Ivans}, I. and {Majewski}, S.~R. and {Martell}, S. and {Meszaros}, S. and 
	{Muna}, D. and {Nidever}, D. and {Nguyen}, D.~C. and {O'Connell}, R.~W. and 
	{Pan}, K. and {Pinsonneault}, M. and {Robin}, A.~C. and {Schiavon}, R.~P. and 
	{Shane}, N. and {Sobeck}, J. and {Smith}, V.~V. and {Troup}, N. and 
	{Weinberg}, D.~H. and {Wilson}, J.~C. and {Wood-Vasey}, W.~M. and 
	{Zamora}, O. and {Zasowski}, G.},
    title = "{Abundances, Stellar Parameters, and Spectra from the SDSS-III/APOGEE Survey}",
  journal = {\aj},
archivePrefix = "arXiv",
   eprint = {1501.04110},
 keywords = {astronomical databases: miscellaneous, Galaxy: abundances, stars: abundances, surveys},
     year = 2015,
    month = nov,
   volume = 150,
      eid = {148},
    pages = {148},
      doi = {10.1088/0004-6256/150/5/148},
   adsurl = {http://adsabs.harvard.edu/abs/2015AJ....150..148H},
  adsnote = {Provided by the SAO/NASA Astrophysics Data System}
}

@ARTICLE{zasowski2013,
   author = {{Zasowski}, G. and {Johnson}, J.~A. and {Frinchaboy}, P.~M. and 
	{Majewski}, S.~R. and {Nidever}, D.~L. and {Rocha Pinto}, H.~J. and 
	{Girardi}, L. and {Andrews}, B. and {Chojnowski}, S.~D. and 
	{Cudworth}, K.~M. and {Jackson}, K. and {Munn}, J. and {Skrutskie}, M.~F. and 
	{Beaton}, R.~L. and {Blake}, C.~H. and {Covey}, K. and {Deshpande}, R. and 
	{Epstein}, C. and {Fabbian}, D. and {Fleming}, S.~W. and {Garcia Hernandez}, D.~A. and 
	{Herrero}, A. and {Mahadevan}, S. and {M{\'e}sz{\'a}ros}, S. and 
	{Schultheis}, M. and {Sellgren}, K. and {Terrien}, R. and {van Saders}, J. and 
	{Allende Prieto}, C. and {Bizyaev}, D. and {Burton}, A. and 
	{Cunha}, K. and {da Costa}, L.~N. and {Hasselquist}, S. and 
	{Hearty}, F. and {Holtzman}, J. and {Garc{\'{\i}}a P{\'e}rez}, A.~E. and 
	{Maia}, M.~A.~G. and {O'Connell}, R.~W. and {O'Donnell}, C. and 
	{Pinsonneault}, M. and {Santiago}, B.~X. and {Schiavon}, R.~P. and 
	{Shetrone}, M. and {Smith}, V. and {Wilson}, J.~C.},
    title = "{Target Selection for the Apache Point Observatory Galactic Evolution Experiment (APOGEE)}",
  journal = {\aj},
archivePrefix = "arXiv",
   eprint = {1308.0351},
 keywords = {Galaxy: abundances, Galaxy: kinematics and dynamics, stars: general, surveys },
     year = 2013,
    month = oct,
   volume = 146,
      eid = {81},
    pages = {81},
      doi = {10.1088/0004-6256/146/4/81},
   adsurl = {http://adsabs.harvard.edu/abs/2013AJ....146...81Z},
  adsnote = {Provided by the SAO/NASA Astrophysics Data System}
}

@ARTICLE{sdss3,
   author = {{Alam}, S. and {Albareti}, F.~D. and {Allende Prieto}, C. and 
	{Anders}, F. and {Anderson}, S.~F. and {Anderton}, T. and {Andrews}, B.~H. and 
	{Armengaud}, E. and {Aubourg}, {\'E}. and {Bailey}, S. and et al.},
    title = "{The Eleventh and Twelfth Data Releases of the Sloan Digital Sky Survey: Final Data from SDSS-III}",
  journal = {\apjs},
archivePrefix = "arXiv",
   eprint = {1501.00963},
 primaryClass = "astro-ph.IM",
 keywords = {atlases, catalogs, surveys},
     year = 2015,
    month = jul,
   volume = 219,
      eid = {12},
    pages = {12},
      doi = {10.1088/0067-0049/219/1/12},
   adsurl = {http://adsabs.harvard.edu/abs/2015ApJS..219...12A},
  adsnote = {Provided by the SAO/NASA Astrophysics Data System}
}

@ARTICLE{wojno2016,
   author = {{Wojno}, J. and {Kordopatis}, G. and {Piffl}, T. and {Binney}, J. and 
	{Steinmetz}, M. and {Matijevi{\v c}}, G. and {Bland-Hawthorn}, J. and 
	{Sharma}, S. and {McMillan}, P. and {Watson}, F. and {Reid}, W. and 
	{Kunder}, A. and {Enke}, H. and {Grebel}, E.~K. and {Seabroke}, G. and 
	{Wyse}, R.~F.~G. and {Zwitter}, T. and {Bienaym{\'e}}, O. and 
	{Freeman}, K.~C. and {Gibson}, B.~K. and {Gilmore}, G. and {Helmi}, A. and 
	{Munari}, U. and {Navarro}, J.~F. and {Parker}, Q.~A. and {Siebert}, A.
	},
    title = "{The selection function of the RAVE survey}",
  journal = {ArXiv e-prints},
archivePrefix = "arXiv",
   eprint = {1611.00733},
 keywords = {Astrophysics - Astrophysics of Galaxies, Astrophysics - Solar and Stellar Astrophysics},
     year = 2016,
    month = nov,
   adsurl = {http://adsabs.harvard.edu/abs/2016arXiv161100733W},
  adsnote = {Provided by the SAO/NASA Astrophysics Data System}
}

@ARTICLE{allendeprieto2006,
   author = {{Allende Prieto}, C. and {Beers}, T.~C. and {Wilhelm}, R. and 
	{Newberg}, H.~J. and {Rockosi}, C.~M. and {Yanny}, B. and {Lee}, Y.~S.
	},
    title = "{A Spectroscopic Study of the Ancient Milky Way: F- and G-Type Stars in the Third Data Release of the Sloan Digital Sky Survey}",
  journal = {\apj},
   eprint = {astro-ph/0509812},
 keywords = {Galaxy: Stellar Content, Galaxy: Structure, Stars: Abundances, Stars: Fundamental Parameters},
     year = 2006,
    month = jan,
   volume = 636,
    pages = {804-820},
      doi = {10.1086/498131},
   adsurl = {http://adsabs.harvard.edu/abs/2006ApJ...636..804A},
  adsnote = {Provided by the SAO/NASA Astrophysics Data System}
}

@ARTICLE{carollo2007,
   author = {{Carollo}, D. and {Beers}, T.~C. and {Lee}, Y.~S. and {Chiba}, M. and 
	{Norris}, J.~E. and {Wilhelm}, R. and {Sivarani}, T. and {Marsteller}, B. and 
	{Munn}, J.~A. and {Bailer-Jones}, C.~A.~L. and {Fiorentin}, P.~R. and 
	{York}, D.~G.},
    title = "{Two stellar components in the halo of the Milky Way}",
  journal = {\nat},
archivePrefix = "arXiv",
   eprint = {0706.3005},
     year = 2007,
    month = dec,
   volume = 450,
    pages = {1020-1025},
      doi = {10.1038/nature06460},
   adsurl = {http://adsabs.harvard.edu/abs/2007Natur.450.1020C},
  adsnote = {Provided by the SAO/NASA Astrophysics Data System}
}

@ARTICLE{dejong2010,
   author = {{de Jong}, J.~T.~A. and {Yanny}, B. and {Rix}, H.-W. and {Dolphin}, A.~E. and 
	{Martin}, N.~F. and {Beers}, T.~C.},
    title = "{Mapping the Stellar Structure of the Milky Way Thick Disk and Halo Using SEGUE Photometry}",
  journal = {\apj},
archivePrefix = "arXiv",
   eprint = {0911.3900},
 primaryClass = "astro-ph.GA",
 keywords = {Galaxy: disk, Galaxy: halo, Galaxy: structure, stars: statistics},
     year = 2010,
    month = may,
   volume = 714,
    pages = {663-674},
      doi = {10.1088/0004-637X/714/1/663},
   adsurl = {http://adsabs.harvard.edu/abs/2010ApJ...714..663D},
  adsnote = {Provided by the SAO/NASA Astrophysics Data System}
}

@ARTICLE{sheffield2012,
   author = {{Sheffield}, A.~A. and {Majewski}, S.~R. and {Johnston}, K.~V. and 
	{Cunha}, K. and {Smith}, V.~V. and {Cheung}, A.~M. and {Hampton}, C.~M. and 
	{David}, T.~J. and {Wagner-Kaiser}, R. and {Johnson}, M.~C. and 
	{Kaplan}, E. and {Miller}, J. and {Patterson}, R.~J.},
    title = "{Identifying Contributions to the Stellar Halo from Accreted, Kicked-out, and In Situ Populations}",
  journal = {\apj},
archivePrefix = "arXiv",
   eprint = {1202.5310},
 primaryClass = "astro-ph.GA",
 keywords = {Galaxy: disk, Galaxy: evolution, Galaxy: formation, Galaxy: halo, Galaxy: kinematics and dynamics, solar neighborhood, stars: abundances},
     year = 2012,
    month = dec,
   volume = 761,
      eid = {161},
    pages = {161},
      doi = {10.1088/0004-637X/761/2/161},
   adsurl = {http://adsabs.harvard.edu/abs/2012ApJ...761..161S},
  adsnote = {Provided by the SAO/NASA Astrophysics Data System}
}

@ARTICLE{hawkins2015,
   author = {{Hawkins}, K. and {Kordopatis}, G. and {Gilmore}, G. and {Masseron}, T. and 
	{Wyse}, R.~F.~G. and {Ruchti}, G. and {Bienaym{\'e}}, O. and 
	{Bland-Hawthorn}, J. and {Boeche}, C. and {Freeman}, K. and 
	{Gibson}, B.~K. and {Grebel}, E.~K. and {Helmi}, A. and {Kunder}, A. and 
	{Munari}, U. and {Navarro}, J.~F. and {Parker}, Q.~A. and {Reid}, W.~A. and 
	{Scholz}, R.~D. and {Seabroke}, G. and {Siebert}, A. and {Steinmetz}, M. and 
	{Watson}, F. and {Zwitter}, T.},
    title = "{Characterizing the high-velocity stars of RAVE: the discovery of a metal-rich halo star born in the Galactic disc}",
  journal = {\mnras},
archivePrefix = "arXiv",
   eprint = {1412.1484},
 keywords = {Galaxy: abundances, Galaxy: halo, Galaxy: kinematics and dynamics},
     year = 2015,
    month = feb,
   volume = 447,
    pages = {2046-2058},
      doi = {10.1093/mnras/stu2574},
   adsurl = {http://adsabs.harvard.edu/abs/2015MNRAS.447.2046H},
  adsnote = {Provided by the SAO/NASA Astrophysics Data System}
}

@ARTICLE{wilson2011,
   author = {{Wilson}, M.~L. and {Helmi}, A. and {Morrison}, H.~L. and {Breddels}, M.~A. and 
	{Bienaym{\'e}}, O. and {Binney}, J. and {Bland-Hawthorn}, J. and 
	{Campbell}, R. and {Freeman}, K.~C. and {Fulbright}, J.~P. and 
	{Gibson}, B.~K. and {Gilmore}, G. and {Grebel}, E.~K. and {Munari}, U. and 
	{Navarro}, J.~F. and {Parker}, Q.~A. and {Reid}, W. and {Seabroke}, G. and 
	{Siebert}, A. and {Siviero}, A. and {Steinmetz}, M. and {Williams}, M.~E.~K. and 
	{Wyse}, R.~F.~G. and {Zwitter}, T.},
    title = "{Testing formation mechanisms of the Milky Way's thick disc with RAVE}",
  journal = {\mnras},
archivePrefix = "arXiv",
   eprint = {1009.2052},
 keywords = {Galaxy: disc, Galaxy: formation, solar neighbourhood, Galaxy: structure},
     year = 2011,
    month = may,
   volume = 413,
    pages = {2235-2241},
      doi = {10.1111/j.1365-2966.2011.18298.x},
   adsurl = {http://adsabs.harvard.edu/abs/2011MNRAS.413.2235W},
  adsnote = {Provided by the SAO/NASA Astrophysics Data System}
}

@ARTICLE{loebman2011,
   author = {{Loebman}, S.~R. and {Ro{\v s}kar}, R. and {Debattista}, V.~P. and 
	{Ivezi{\'c}}, {\v Z}. and {Quinn}, T.~R. and {Wadsley}, J.},
    title = "{The Genesis of the Milky Way's Thick Disk Via Stellar Migration}",
  journal = {\apj},
archivePrefix = "arXiv",
   eprint = {1009.5997},
 keywords = {galaxies: spiral, Galaxy: evolution, Galaxy: kinematics and dynamics, Galaxy: stellar content, Galaxy: structure, solar neighborhood},
     year = 2011,
    month = aug,
   volume = 737,
      eid = {8},
    pages = {8},
      doi = {10.1088/0004-637X/737/1/8},
   adsurl = {http://adsabs.harvard.edu/abs/2011ApJ...737....8L},
  adsnote = {Provided by the SAO/NASA Astrophysics Data System}
}

@ARTICLE{pontzen2012,
   author = {{Pontzen}, A. and {Governato}, F.},
    title = "{How supernova feedback turns dark matter cusps into cores}",
  journal = {\mnras},
archivePrefix = "arXiv",
   eprint = {1106.0499},
 keywords = {galaxies: dwarf, dark matter},
     year = 2012,
    month = apr,
   volume = 421,
    pages = {3464-3471},
      doi = {10.1111/j.1365-2966.2012.20571.x},
   adsurl = {http://adsabs.harvard.edu/abs/2012MNRAS.421.3464P},
  adsnote = {Provided by the SAO/NASA Astrophysics Data System}
}

@ARTICLE{dicintio2014,
   author = {{Di Cintio}, A. and {Brook}, C.~B. and {Macci{\`o}}, A.~V. and 
	{Stinson}, G.~S. and {Knebe}, A. and {Dutton}, A.~A. and {Wadsley}, J.
	},
    title = "{The dependence of dark matter profiles on the stellar-to-halo mass ratio: a prediction for cusps versus cores}",
  journal = {\mnras},
archivePrefix = "arXiv",
   eprint = {1306.0898},
 keywords = {hydrodynamics, galaxies: evolution, galaxies: formation, dark matter},
     year = 2014,
    month = jan,
   volume = 437,
    pages = {415-423},
      doi = {10.1093/mnras/stt1891},
   adsurl = {http://adsabs.harvard.edu/abs/2014MNRAS.437..415D},
  adsnote = {Provided by the SAO/NASA Astrophysics Data System}
}

@ARTICLE{brooks2014,
   author = {{Brooks}, A.~M. and {Zolotov}, A.},
    title = "{Why Baryons Matter: The Kinematics of Dwarf Spheroidal Satellites}",
  journal = {\apj},
archivePrefix = "arXiv",
   eprint = {1207.2468},
 keywords = {galaxies: dwarf, galaxies: evolution, galaxies: interactions, galaxies: kinematics and dynamics},
     year = 2014,
    month = may,
   volume = 786,
      eid = {87},
    pages = {87},
      doi = {10.1088/0004-637X/786/2/87},
   adsurl = {http://adsabs.harvard.edu/abs/2014ApJ...786...87B},
  adsnote = {Provided by the SAO/NASA Astrophysics Data System}
}

@ARTICLE{agertz2009,
   author = {{Agertz}, O. and {Teyssier}, R. and {Moore}, B.},
    title = "{Disc formation and the origin of clumpy galaxies at high redshift}",
  journal = {\mnras},
archivePrefix = "arXiv",
   eprint = {0901.2536},
 keywords = {galaxies: evolution, galaxies: formation, galaxies: haloes},
     year = 2009,
    month = jul,
   volume = 397,
    pages = {L64-L68},
      doi = {10.1111/j.1745-3933.2009.00685.x},
   adsurl = {http://adsabs.harvard.edu/abs/2009MNRAS.397L..64A},
  adsnote = {Provided by the SAO/NASA Astrophysics Data System}
}

@ARTICLE{sellwood2002,
   author = {{Sellwood}, J.~A. and {Binney}, J.~J.},
    title = "{Radial mixing in galactic discs}",
  journal = {\mnras},
   eprint = {astro-ph/0203510},
 keywords = {ISM: abundances, Galaxy: abundances, Galaxy: kinematics and dynamics, galaxies: evolution, galaxies: ISM, galaxies: structure},
     year = 2002,
    month = nov,
   volume = 336,
    pages = {785-796},
      doi = {10.1046/j.1365-8711.2002.05806.x},
   adsurl = {http://adsabs.harvard.edu/abs/2002MNRAS.336..785S},
  adsnote = {Provided by the SAO/NASA Astrophysics Data System}
}

@ARTICLE{wielen1996,
   author = {{Wielen}, R. and {Fuchs}, B. and {Dettbarn}, C.},
    title = "{On the birth-place of the Sun and the places of formation of other nearby stars}",
  journal = {\aap},
     year = 1996,
    month = oct,
   volume = 314,
    pages = {438},
   adsurl = {http://adsabs.harvard.edu/abs/1996A%26A...314..438W},
  adsnote = {Provided by the SAO/NASA Astrophysics Data System}
}

@ARTICLE{roskar2008,
   author = {{Ro{\v s}kar}, R. and {Debattista}, V.~P. and {Quinn}, T.~R. and 
	{Stinson}, G.~S. and {Wadsley}, J.},
    title = "{Riding the Spiral Waves: Implications of Stellar Migration for the Properties of Galactic Disks}",
  journal = {\apjl},
archivePrefix = "arXiv",
   eprint = {0808.0206},
 keywords = {galaxies: evolution, galaxies: spiral, galaxies: stellar content, Galaxy: stellar content, solar neighborhood, stellar dynamics },
     year = 2008,
    month = sep,
   volume = 684,
      eid = {L79},
    pages = {L79},
      doi = {10.1086/592231},
   adsurl = {http://adsabs.harvard.edu/abs/2008ApJ...684L..79R},
  adsnote = {Provided by the SAO/NASA Astrophysics Data System}
}

@ARTICLE{schonrich2009,
   author = {{Sch{\"o}nrich}, R. and {Binney}, J.},
    title = "{Chemical evolution with radial mixing}",
  journal = {\mnras},
archivePrefix = "arXiv",
   eprint = {0809.3006},
 keywords = {galaxies: abundances , galaxies: evolution , galaxies: ISM , galaxies: kinematics and dynamics , Galaxy: disc , solar neighbourhood},
     year = 2009,
    month = jun,
   volume = 396,
    pages = {203-222},
      doi = {10.1111/j.1365-2966.2009.14750.x},
   adsurl = {http://adsabs.harvard.edu/abs/2009MNRAS.396..203S},
  adsnote = {Provided by the SAO/NASA Astrophysics Data System}
}

@ARTICLE{minchev2012,
   author = {{Minchev}, I. and {Famaey}, B. and {Quillen}, A.~C. and {Dehnen}, W. and 
	{Martig}, M. and {Siebert}, A.},
    title = "{Radial migration does little for Galactic disc thickening}",
  journal = {\aap},
archivePrefix = "arXiv",
   eprint = {1205.6475},
 keywords = {Galaxy: disk, Galaxy: evolution, Galaxy: kinematics and dynamics, Galaxy: structure, galaxies: evolution, galaxies: kinematics and dynamics},
     year = 2012,
    month = dec,
   volume = 548,
      eid = {A127},
    pages = {A127},
      doi = {10.1051/0004-6361/201219714},
   adsurl = {http://adsabs.harvard.edu/abs/2012A%26A...548A.127M},
  adsnote = {Provided by the SAO/NASA Astrophysics Data System}
}

@ARTICLE{vera-ciro2014,
   author = {{Vera-Ciro}, C. and {D'Onghia}, E. and {Navarro}, J. and {Abadi}, M.
	},
    title = "{The Effect of Radial Migration on Galactic Disks}",
  journal = {\apj},
archivePrefix = "arXiv",
   eprint = {1405.3317},
 keywords = {galaxies: kinematics and dynamics, Galaxy: disk, Galaxy: evolution, stars: kinematics and dynamics},
     year = 2014,
    month = oct,
   volume = 794,
      eid = {173},
    pages = {173},
      doi = {10.1088/0004-637X/794/2/173},
   adsurl = {http://adsabs.harvard.edu/abs/2014ApJ...794..173V},
  adsnote = {Provided by the SAO/NASA Astrophysics Data System}
}

@article{hopkins2014FIRE,
	Author = {{Hopkins}, P.~F. and {Keres}, D. and {Onorbe}, J. and {Faucher-Giguere}, C.-A. and {Quataert}, E. and {Murray}, N. and {Bullock}, J.~S.},
	Journal = {\mnras},
	Month = {November},
	Pages = {581-603},
	Title = {{Galaxies on FIRE (Feedback In Realistic Environments): Stellar Feedback Explains Cosmologically Inefficient Star Formation}},
	Volume = 445,
	Year = 2014}


@article{chan:fire.dwarf.cusps,
	Author = {{Chan}, T.~K. and {Kere{\v s}}, D. and {O{\~n}orbe}, J. and {Hopkins}, P.~F. and {Muratov}, A.~L. and {Faucher-Gigu{\`e}re}, C.-A. and {Quataert}, E.},
	Journal = {\mnras},
	Month = dec,
	Pages = {2981-3001},
	Title = {{The impact of baryonic physics on the structure of dark matter haloes: the view from the FIRE cosmological simulations}},
	Volume = 454,
	Year = 2015}


@article{sparre:sfmainsequence,
	Author = {{Sparre}, M. and {Hayward}, C.~C. and {Feldmann}, R. and {Faucher-Gigu{\`e}re}, C.-A. and {Muratov}, A.~L. and {Kere{\v s}}, D. and {Hopkins}, P.~F.},
	Journal = {\mnras, in press, arXiv:1510.03869},
	Month = oct,
	Title = {{(Star)bursts of FIRE: observational signatures of bursty star formation in galaxies}},
	Year = 2015}


@article{ma:mass.metallicity,
	Author = {{Ma}, X. and {Hopkins}, P.~F. and {Faucher-Gigu{\`e}re}, C.-A. and {Zolman}, N. and {Muratov}, A.~L. and {Kere{\v s}}, D. and {Quataert}, E.},
	Journal = {\mnras},
	Month = feb,
	Pages = {2140-2156},
	Title = {{The origin and evolution of the galaxy mass-metallicity relation}},
	Volume = 456,
	Year = 2016}